<record><leader>00000cas a2200000 a 4500</leader><controlfield tag="001">24942479</controlfield><controlfield tag="008">911212d19201979iluwr ne      0    0eng c</controlfield><datafield ind1=" " ind2=" " tag="010"><subfield code="a">sn 91054765 </subfield></datafield><datafield ind1=" " ind2=" " tag="040"><subfield code="a">NVF</subfield><subfield code="b">eng</subfield><subfield code="c">NVF</subfield><subfield code="d">OCLCQ</subfield><subfield code="d">NVF</subfield><subfield code="d">OCLCQ</subfield><subfield code="d">OCLCF</subfield><subfield code="d">OCLCO</subfield></datafield><datafield ind1="1" ind2=" " tag="029"><subfield code="a">AU@</subfield><subfield code="b">000025875570</subfield></datafield><datafield ind1=" " ind2=" " tag="042"><subfield code="a">pcc</subfield></datafield><datafield ind1=" " ind2=" " tag="043"><subfield code="a">n-us-il</subfield></datafield><datafield ind1="0" ind2="0" tag="245"><subfield code="a">White Hall register-Republican.</subfield></datafield><datafield ind1=" " ind2=" " tag="260"><subfield code="a">White Hall, Greene County, Ill. :</subfield><subfield code="b">Harry E. Bell,</subfield><subfield code="c">1920-1979.</subfield></datafield><datafield ind1=" " ind2=" " tag="300"><subfield code="a">v.</subfield></datafield><datafield ind1=" " ind2=" " tag="310"><subfield code="a">Weekly</subfield></datafield><datafield ind1="0" ind2=" " tag="362"><subfield code="a">52nd year, no. 23 (Dec. 31, 1920)-110th year, no. 43 (May 31, 1979).</subfield></datafield><datafield ind1=" " ind2=" " tag="580"><subfield code="a">Merged with: Roodhouse record, to form: North Greene news.</subfield></datafield><datafield ind1=" " ind2="0" tag="651"><subfield code="a">White Hall (Ill.)</subfield><subfield code="v">Newspapers.</subfield></datafield><datafield ind1=" " ind2="7" tag="655"><subfield code="a">Newspapers.</subfield><subfield code="2">fast</subfield><subfield code="0">(OCoLC)fst01423814</subfield></datafield><datafield ind1=" " ind2="7" tag="651"><subfield code="a">Illinois</subfield><subfield code="z">White Hall.</subfield><subfield code="2">fast</subfield><subfield code="0">(OCoLC)fst01236905</subfield></datafield><datafield ind1=" " ind2=" " tag="752"><subfield code="a">United States</subfield><subfield code="b">Illinois</subfield><subfield code="c">Greene</subfield><subfield code="d">White Hall.</subfield></datafield><datafield ind1="0" ind2="0" tag="780"><subfield code="t">Register-Republican</subfield><subfield code="w">(DLC)sn 91054764</subfield><subfield code="w">(OCoLC)24942432</subfield></datafield><datafield ind1="1" ind2="7" tag="785"><subfield code="t">Roodhouse record</subfield><subfield code="w">(DLC)sn 91054771</subfield><subfield code="w">(OCoLC)24942565</subfield></datafield><datafield ind1="1" ind2="7" tag="785"><subfield code="t">North Greene news</subfield><subfield code="w">(DLC)sn 91054766</subfield><subfield code="w">(OCoLC)24942609</subfield></datafield></record>